| Product        | Ingredient        | Weight (g) | Price/kg (R$) | Total Price (R$) |
|----------------|-------------------|------------|---------------|------------------|
| Molho Acevichado | Limão Tahiti      | 100        | 1.60          | 0.16             |
| Molho Acevichado | Sal               | 20         | 1.45          | 0.03             |
| Molho Acevichado | Glutamato         | 5          | 27.90         | 0.14             |
| Molho Acevichado | Hondashi          | 5          | 92.91         | 0.46             |
| Molho Acevichado | Togarashi         | 1          | 376.83        | 0.38             |
| Molho Acevichado | Alho              | 10         | 22.90         | 0.23             |
| Molho Acevichado | Cebola Roxa       | 20         | 5.99          | 0.12             |
| Molho Acevichado | Coentro           | 5          | 1.99          | 0.01             |
| Molho Acevichado | Gengibre          | 3          | 22.90         | 0.07             |
| Molho Acevichado | Dedo de moça      | 40         | 21.99         | 0.88             |
| Molho Acevichado | Óleo de Soja      | 375        | 8.40          | 3.15             |
| Molho Seiji      | Cebolinha         | 10         | 2.59          | 0.03             |
| Molho Seiji      | Hondashi          | 5          | 92.91         | 0.46             |
| Molho Seiji      | Água sem Gás      | 50         | 1.78          | 0.09             |
| Molho Seiji      | Alho              | 10         | 22.90         | 0.23             |
| Molho Seiji      | Chimichurri       | 15         | 7.48          | 0.11             |
| Molho Seiji      | Fumaça Líquida    | 15         | 29.90         | 0.45             |
| Molho Seiji      | Óleo de Soja      | 250        | 8.40          | 2.10             |
| Molho Tusán      | Molho Agridoce    | 400        | 25.80         | 10.32            |
| Molho Tusán      | Açúcar            | 100        | 3.70          | 0.37             |
| Molho Tusán      | Vinagre           | 70         | 2.10          | 0.15             |
| Molho Tusán      | Shoyu             | 20         | 36.67         | 0.73             |
| Molho Tusán      | Molho Inglês      | 5          | 34.83         | 0.17             |
| Molho Tusán      | Gengibre          | 15         | 22.90         | 0.34             |
| Molho Fuji       | Maionese          | 200        | 14.83         | 2.97             |
| Molho Fuji       | Glicose           | 120        | 37.11         | 4.45             |
| Molho Fuji       | Mostarda          | 60         | 11.08         | 0.67             |
| Molho Fuji       | Tarê Kikkoman     | 20         | 9.58          | 0.19             |
| Cha Siu          | Char Siu          | 45         | 94.86         | 4.27             |
| Cha Siu          | Cachaça           | 30         | 12.23         | 0.37             |
| Cha Siu          | Shoyu             | 30         | 36.67         | 1.10             |
| Cha Siu          | Óleo de Gergelim  | 15         | 68.31         | 1.02             |
| Su               | Vinagre           | 5000       | 2.10          | 10.50            |
| Su               | Açúcar            | 3750       | 3.70          | 13.88            |
| Su               | Sal               | 500        | 1.45          | 0.73             |
| Atum Spicy       | Atum Inteiro 20/30 | 500       | 34.90         | 17.45            |
| Atum Spicy       | LKK Chilli Garlic | 40         | 154.89        | 6.20             |
| Atum Spicy       | Maionese          | 40         | 14.83         | 0.59             |
| Atum Spicy       | Hondashi          | 6          | 92.91         | 0.56             |
| Atum Spicy       | Óleo de Gergelim  | 6          | 68.31         | 0.41             |
| Tempura          | Farinha           | 300        | 4.58          | 1.37             |
| Tempura          | Maizena           | 500        | 6.40          | 3.20             |
| Tempura          | Fermento          | 50         | 21.80         | 1.09             |
| Tempura          | Cachaça           | 50         | 12.23         | 0.61             |
| Tempura          | Água sem Gás      | 200        | 1.78          | 0.36             |
| Tempura          | Açúcar            | 15         | 3.70          | 0.06             |
| Tempura          | Sal               | 5          | 1.45          | 0.01             |
| Shari            | Arroz Mirokumai   | 1000       | 9.60          | 9.60             |
| Shari            | Su                | 300        | 2.18          | 0.65             |
| Chimichurri      | Salsinha          | 500        | 1.99          | 1.00             |
| Chimichurri      | Alho              | 30         | 22.90         | 0.69             |
| Chimichurri      | Azeite de Oliva   | 100        | 39.00         | 3.90             |
| Chimichurri      | Vinagre           | 50         | 2.10          | 0.11             |
| Chimichurri      | Cebolinha         | 500        | 2.59          | 1.30             |
| Chimichurri      | Togarashi         | 5          | 376.83        | 1.88             |
| Molho Passion    | Maracujá          | 30000      | 6.00          | 180.00           |
| Molho Passion    | Açúcar            | 3000       | 3.70          | 11.10            |
| Inca Maki        | Shari             | 90         | 3.88          | 0.35             |
| Inca Maki        | Alga Gold         | 1000       | 0.20          | 0.20             |
| Inca Maki        | Cream Cheese      | 20         | 33.92         | 0.68             |
| Inca Maki        | Salmão Filé       | 60         | 90.00         | 5.40             |
| Inca Maki        | Gergelim          | 1          | 35.90         | 0.04             |
| Salmão Spicy     | LKK Chilli Garlic | 40         | 154.89        | 6.20             |
| Salmão Spicy     | Maionese          | 40         | 14.83         | 0.59             |
| Salmão Spicy     | Hondashi          | 6          | 92.91         | 0.56             |
| Salmão Spicy     | Óleo de Gergelim  | 6          | 68.31         | 0.41             |
| Salmão Empanado  | Farinha           | 5          | 4.58          | 0.02             |
| Salmão Empanado  | Ovo               | 5          | 10.00         | 0.05             |
| Salmão Empanado  | Panko Alpha       | 5          | 17.01         | 0.09             |
| Batayaki         | Shari             | 90         | 3.88          | 0.35             |
| Batayaki         | Alga Gold         | 1000       | 0.20          | 0.20             |
| Batayaki         | Cream Cheese      | 20         | 33.92         | 0.68             |
| Batayaki         | Salmão Filé       | 80         | 90.00         | 7.20             |
| Batayaki         | Manteiga com Sal  | 10         | 29.80         | 0.30             |
| Ají              | Dedo de Moça      | 60         | 21.99         | 1.32             |
| Ají              | Ovo               | 60         | 10.00         | 0.60             |
| Ají              | Cebola Roxa       | 30         | 5.99          | 0.18             |
| Ají              | Alho              | 15         | 22.90         | 0.34             |
| Ají              | Orégano           | 5          | 25.90         | 0.13             |
| Ají              | Sal               | 5          | 1.45          | 0.01             |
| Ají              | Óleo de Soja      | 120        | 8.40          | 1.01             |
| Molho Imperial   | Maionese          | 100        | 14.83         | 1.48             |
| Molho Imperial   | Molho de Ostra    | 50         | 60.00         | 3.00             |
| Molho Imperial   | Sweet Chilli Kikkoman | 50     | 94.74         | 4.74             |
| Lula Empanada    | Lula Anel         | 30         | 31.90         | 0.96             |
| Lula Empanada    | Farinha           | 10         | 4.58          | 0.05             |
| Lula Empanada    | Panko Alpha       | 5          | 17.01         | 0.09             |
| Sunomomo         | Pepino Japonês    | 50         | 6.60          | 0.33             |
| Sunomomo         | Su                | 50         | 2.18          | 0.11             |
| Sunomomo         | Pote Sunomomo     | 1          | 400.00        | 0.40             |
| Kani Empanado    | Kani              | 30         | 36.00         | 1.08             |
| Kani Empanado    | Farinha           | 10         | 4.58          | 0.05             |
| Kani Empanado    | Panko Alpha       | 5          | 17.01         | 0.09             |
| Mistura Hot      | Cream Cheese      | 500        | 33.92         | 16.96            |
| Mistura Hot      | Cebolinha         | 60         | 2.59          | 0.16             |
| Mistura Hot      | Gergelim          | 40         | 35.90         | 1.44             |
| Mistura Grelhado | Cream Cheese      | 500        | 33.92         | 16.96            |
| Acevichado Maki  | Camarão Sete Barbas | 30      | 56.00         | 1.68             |
| Acevichado Maki  | Avocado Primalta  | 30         | 10.00         | 0.30             |
| Acevichado Maki  | Atum Lombo Limpo  | 20         | 75.00         | 1.50             |
| Acevichado Maki  | Shari             | 90         | 3.88          | 0.35             |
| Acevichado Maki  | Alga Gold         | 1000       | 0.20          | 0.20             |
| Acevichado Maki  | Molho Acevichado  | 30         | 9.42          | 0.28             |
| Acevichado Maki  | Togarashi         | 1          | 376.83        | 0.38             |
| Acevichado Maki  | Cebolinha         | 1          | 2.59          | 0.00             |
| Jalea Roll       | Camarão Sete Barbas | 30      | 56.00         | 1.68             |
| Jalea Roll       | Avocado Primalta  | 30         | 10.00         | 0.30             |
| Jalea Roll       | Panko Alpha       | 20         | 17.01         | 0.34             |
| Jalea Roll       | Shari             | 90         | 3.88          | 0.35             |
| Jalea Roll       | Alga Gold         | 1000       | 0.20          | 0.20             |
| Jalea Roll       | Molho Acevichado  | 30         | 9.42          | 0.28             |
| Jalea Roll       | Togarashi         | 1          | 376.83        | 0.38             |
| Jalea Roll       | Cebolinha         | 1          | 2.59          | 0.00             |
| Wings Meia       | Embalagem Poke    | 1          | 1210.00       | 1.21             |
| Wings Meia       | Potinho Shoyu     | 1000       | 0.21          | 0.21             |
| Wings Meia       | Molho Acevichado  | 30         | 9.42          | 0.28             |
| Wings Inteira    | Embalagem Poke    | 1          | 1210.00       | 1.21             |
| Wings Inteira    | Potinho Shoyu     | 1000       | 0.21          | 0.21             |
| Wings Inteira    | Molho Acevichado  | 30         | 9.42          | 0.28             |
| Yakimeshi        | Shari             | 200        | 3.88          | 0.78             |
| Yakimeshi        | Sassami           | 100        | 15.00         | 1.50             |
| Yakimeshi        | Ovo               | 60         | 10.00         | 0.60             |
| Yakimeshi        | Cebolinha         | 40         | 2.59          | 0.10             |
| Yakimeshi        | Alho              | 5          | 22.90         | 0.11             |
| Yakimeshi        | Gengibre          | 5          | 22.90         | 0.11             |
| Yakimeshi        | Broto de Feijão   | 50         | 11.00         | 0.55             |
| Yakimeshi        | Cenoura           | 30         | 4.29          | 0.13             |
| Yakimeshi        | Óleo de Soja      | 75         | 8.40          | 0.63             |
| Yakimeshi        | Óleo de Gergelim  | 5          | 68.31         | 0.34             |
| Yakimeshi        | Batata Doce       | 5          | 3.69          | 0.02             |
